
@article{butucea_detection_2013,
	title = {Detection of a sparse submatrix of a high-dimensional noisy matrix},
	volume = {19},
	issn = {1350-7265},
	url = {https://projecteuclid.org/journals/bernoulli/volume-19/issue-5B/Detection-of-a-sparse-submatrix-of-a-high-dimensional-noisy/10.3150/12-BEJ470.full},
	doi = {10.3150/12-BEJ470},
	number = {5},
	journaltitle = {Bernoulli},
	shortjournal = {Bernoulli},
	author = {Butucea, Cristina and Ingster, Yuri I.},
	urldate = {2022-08-26},
	date = {2013-11-01},
	file = {Full Text:/home/parker/Zotero/storage/PHCWI9FF/Butucea and Ingster - 2013 - Detection of a sparse submatrix of a high-dimensio.pdf:application/pdf},
}

@article{ma_computational_2015,
	title = {Computational barriers in minimax submatrix detection},
	volume = {43},
	issn = {0090-5364},
	url = {https://projecteuclid.org/journals/annals-of-statistics/volume-43/issue-3/Computational-barriers-in-minimax-submatrix-detection/10.1214/14-AOS1300.full},
	doi = {10.1214/14-AOS1300},
	number = {3},
	journaltitle = {The Annals of Statistics},
	shortjournal = {Ann. Statist.},
	author = {Ma, Zongming and Wu, Yihong},
	urldate = {2022-08-26},
	date = {2015-06-01},
	file = {Full Text:/home/parker/Zotero/storage/LZRXC7ML/Ma and Wu - 2015 - Computational barriers in minimax submatrix detect.pdf:application/pdf},
}

@article{cai_computational_2017,
	title = {Computational and statistical boundaries for submatrix localization in a large noisy matrix},
	volume = {45},
	issn = {0090-5364},
	url = {https://projecteuclid.org/journals/annals-of-statistics/volume-45/issue-4/Computational-and-statistical-boundaries-for-submatrix-localization-in-a-large/10.1214/16-AOS1488.full},
	doi = {10.1214/16-AOS1488},
	number = {4},
	journaltitle = {The Annals of Statistics},
	shortjournal = {Ann. Statist.},
	author = {Cai, T. Tony and Liang, Tengyuan and Rakhlin, Alexander},
	urldate = {2022-08-26},
	date = {2017-08-01},
	file = {Full Text:/home/parker/Zotero/storage/Q6IXQ2FE/Cai et al. - 2017 - Computational and statistical boundaries for subma.pdf:application/pdf},
}

@article{shabalin_finding_2009,
	title = {Finding large average submatrices in high dimensional data},
	volume = {3},
	issn = {1932-6157},
	url = {https://projecteuclid.org/journals/annals-of-applied-statistics/volume-3/issue-3/Finding-large-average-submatrices-in-high-dimensional-data/10.1214/09-AOAS239.full},
	doi = {10.1214/09-AOAS239},
	number = {3},
	journaltitle = {The Annals of Applied Statistics},
	shortjournal = {Ann. Appl. Stat.},
	author = {Shabalin, Andrey A. and Weigman, Victor J. and Perou, Charles M. and Nobel, Andrew B.},
	urldate = {2022-08-27},
	date = {2009-09-01},
	file = {Full Text:/home/parker/Zotero/storage/ATLM4ALM/Shabalin et al. - 2009 - Finding large average submatrices in high dimensio.pdf:application/pdf},
}